<record xmlns="http://www.loc.gov/MARC21/slim" xmlns:xsi="http://www.w3.org/2001/XMLSchema-instance" xsi:schemaLocation="http://www.loc.gov/MARC21/slim http://www.loc.gov/standards/marcxml/schema/MARC21slim.xsd"><leader>02092nam a2200397   4500</leader><controlfield tag="001">001679997</controlfield><controlfield tag="003">NNU</controlfield><controlfield tag="006">m        d        </controlfield><controlfield tag="007">cr cn |||m|||a</controlfield><controlfield tag="008">150110s1966    iq      ob    000 0dararc</controlfield><datafield ind1=" " ind2=" " tag="040"><subfield code="a">NNU</subfield><subfield code="b">eng</subfield><subfield code="e">rda</subfield><subfield code="c">NNU</subfield></datafield><datafield ind1=" " ind2="4" tag="050"><subfield code="a">PJ6064.A62</subfield><subfield code="b">A88</subfield></datafield><datafield ind1="1" ind2=" " tag="100"><subfield code="6">880-01</subfield><subfield code="a">&#699;Aww&#257;d, K&#363;rk&#299;s</subfield></datafield><datafield ind1="1" ind2="3" tag="245"><subfield code="6">880-02</subfield><subfield code="a">al-Ab Anasta&#772;s Ma&#772;ri&#772; al-Kirmili&#772; :</subfield><subfield code="b">h&#803;aya&#772;tuhu wa-mu&#700;allafatuh, 1866-1947 /</subfield><subfield code="c">ta&#700;li&#772;f Ku&#772;rki&#772;s &#699;Awwa&#772;d.</subfield></datafield><datafield ind1="1" ind2="5" tag="246"><subfield code="a">Arabic philologist; Anastase-Marie the Carmalite (1866-1947) :</subfield><subfield code="b">his life and writings</subfield></datafield><datafield ind1=" " ind2=" " tag="260"><subfield code="6">880-03</subfield><subfield code="a">Baghda&#772;d :</subfield><subfield code="b">Mat&#803;ba&#699;at al-&#699;Ani&#772;,</subfield><subfield code="c">1966.</subfield></datafield><datafield ind1=" " ind2=" " tag="300"><subfield code="a">online resource (303 pages)</subfield></datafield><datafield ind1=" " ind2=" " tag="336"><subfield code="a">text</subfield><subfield code="2">rdacontent</subfield></datafield><datafield ind1=" " ind2=" " tag="337"><subfield code="a">computer</subfield><subfield code="2">rdamedia</subfield></datafield><datafield ind1=" " ind2=" " tag="338"><subfield code="a">online resource</subfield><subfield code="2">rdacarrier</subfield></datafield><datafield ind1=" " ind2=" " tag="500"><subfield code="a">Part of the Arabic Collections Online (ACO) project, contributed by New York Univeristy Libraries.</subfield></datafield><datafield ind1=" " ind2=" " tag="533"><subfield code="a">Electronic reproduction.</subfield><subfield code="b">New York, N.Y. :</subfield><subfield code="c">New York University,</subfield><subfield code="d">2015.</subfield><subfield code="5">NNU</subfield></datafield><datafield ind1="0" ind2="0" tag="600"><subfield code="6">880-04</subfield><subfield code="a">Anist&#257;s M&#257;r&#299;,</subfield><subfield code="c">al-Karmil&#299;, ab,</subfield><subfield code="d">1866-1947</subfield><subfield code="v">Bio-bibliography.</subfield></datafield><datafield ind1="0" ind2="7" tag="600"><subfield code="a">Anista&#772;s Ma&#772;ri&#772;,</subfield><subfield code="c">al-Karmili&#772;, ab,</subfield><subfield code="d">1866-1947</subfield><subfield code="2">fast</subfield><subfield code="0">(OCoLC)fst00274796</subfield></datafield><datafield ind1=" " ind2="7" tag="655"><subfield code="a">Bio-bibliography.</subfield><subfield code="2">fast</subfield><subfield code="0">(OCoLC)fst01423685</subfield></datafield><datafield ind1="2" ind2=" " tag="710"><subfield code="a">New York University.</subfield><subfield code="b">Libraries.</subfield></datafield><datafield ind1="0" ind2=" " tag="730"><subfield code="a">Arabic Collections Online.</subfield></datafield><datafield ind1="0" ind2="8" tag="776"><subfield code="i">Online version:</subfield><subfield code="a">&#699;Awwa&#772;d, Ku&#772;rki&#772;s.</subfield><subfield code="t">Ab Anasta&#772;s Ma&#772;ri&#772; al-Kirmili&#772;.</subfield><subfield code="d">Baghda&#772;d, Mat&#803;ba&#699;at al-&#699;Ani&#772;, 1966</subfield><subfield code="w">(OCoLC)586710119</subfield></datafield><datafield ind1="0" ind2="8" tag="776"><subfield code="i">Print version:</subfield><subfield code="a">&#699;Aww&#257;d, K&#363;rk&#299;s 880-01</subfield><subfield code="t">al-Ab Anasta&#772;s Ma&#772;ri&#772; al-Kirmili&#772;</subfield><subfield code="w">(NNU)001679997</subfield><subfield code="w">(DLC)ne 67000277</subfield></datafield><datafield ind1="4" ind2="0" tag="856"><subfield code="u">http://hdl.handle.net/2333.1/gtht7891</subfield></datafield><datafield ind1="1" ind2=" " tag="880"><subfield code="6">100-01/</subfield><subfield code="a">&#1593;&#1608;&#1575;&#1583;&#1548; &#1603;&#1608;&#1585;&#1603;&#1610;&#1587;.</subfield></datafield><datafield ind1="1" ind2="2" tag="880"><subfield code="6">245-02/</subfield><subfield code="a">&#1575;&#1604;&#1575;&#1576; &#1575;&#1606;&#1587;&#1578;&#1575;&#1587; &#1605;&#1575;&#1585;&#1610; &#1575;&#1604;&#1603;&#1585;&#1605;&#1604;&#1610; :</subfield><subfield code="b">&#1581;&#1610;&#1575;&#1578;&#1607; &#1608;&#1605;&#1572;&#1604;&#1601;&#1575;&#1578;&#1607;&#1548; 1866-1947 /</subfield><subfield code="c">&#1578;&#1571;&#1604;&#1610;&#1601; &#1603;&#1608;&#1585;&#1603;&#1610;&#1587; &#1593;&#1608;&#1575;&#1583;.</subfield></datafield><datafield ind1=" " ind2=" " tag="880"><subfield code="6">260-03/</subfield><subfield code="a">&#1576;&#1594;&#1583;&#1575;&#1583; :</subfield><subfield code="b">&#1605;&#1591;&#1576;&#1593;&#1577; &#1575;&#1604;&#1593;&#1575;&#1606;&#1610;&#1548;</subfield><subfield code="c">1966.</subfield></datafield><datafield ind1="0" ind2="4" tag="880"><subfield code="6">600-04/</subfield><subfield code="a">&#1575;&#1606;&#1587;&#1578;&#1575;&#1587; &#1605;&#1575;&#1585;&#1610;&#1548;</subfield><subfield code="c">&#1575;&#1604;&#1603;&#1585;&#1605;&#1604;&#1610;&#1548; &#1575;&#1576;&#1548;</subfield><subfield code="d">1866-1947.</subfield></datafield><datafield ind1=" " ind2=" " tag="959"><subfield code="a">NNU</subfield><subfield code="b">WEB</subfield><subfield code="c">GENI</subfield><subfield code="t">0</subfield><subfield code="m">Electronic access</subfield><subfield code="s">01</subfield></datafield><datafield ind1=" " ind2=" " tag="999"><subfield code="i">NNU_001679997</subfield><subfield code="o" /><subfield code="e">(ERROR-880)</subfield></datafield></record>